@online{wired1,
	title        = {They Told Their Therapists Everything.
                    Hackers Leaked It All},
    author       = {William Ralston},
	organization = {Wired},
	date         = {2021-05-04},
	urldate      = {2023-02-19},
	url          = {https://www.wired.com/story/vastaamo-psychotherapy-patients-hack-data-breach/}
}

@online{dpforum,
    title        = {NPA 2022: A case study of Vastaamo, the hacked psychotherapy
                    app},
    author       = {Kave Noori},
    organization = {Forum f√∂r Dataskydd},
    date         = {2022-10-27},
    urldate      = {2023-02-19},
    url          = {https://dpforum.se/npa2022-a-case-study-of-vastaamo-the-hacked-psychotherapy-app/}
}

@online{ombudsman,
    title        = {Administrative fine imposed on psychotherapy centre Vastaamo
                    for data protection violations},
    organization = {Office of the Data Protection Ombudsman},
    date         = {2021-12-16},
    urldate      = {2023-02-19},
    url          = {https://tietosuoja.fi/en/-/administrative-fine-imposed-on-psychotherapy-centre-vastaamo-for-data-protection-violations}
}

@online{berggren,
    title        = {VASTAAMO DATA BREACH: FINNISH DATA PROTECTION AUTHORITY ISSUES DECISION AND IMPOSES SUBSTANIAL FINE},
    author       = {Arttu Ahava},
    organization = {Berggren},
    date         = {2021-12-20},
    urldate      = {2023-02-19},
    url          = {https://www.berggren.eu/en/blog/blog/vastaamo-data-breach-finnish-data-protection-authority-issues-decision-and-imposes-substanial-fine}
}