@online{prnewswire,
	title        = {{Panasonic Announces LUMIX DMC-FZ1000 - The World's First
                    Digital Compact Camera with 4K Video Recording Capability}},
    author       = {Panasonic},
	organization = {PR Newswire},
	date         = {2014-06-12},
	urldate      = {2023-03-13},
	url          = {https://www.prnewswire.com/news-releases/panasonic-announces-lumix-dmc-fz1000---the-worlds-first-digital-compact-camera-with-4k-video-recording-capability-262816011.html}
}

@misc{temperature,
	title		 = {{Discover Winter in New Zealand}},
	organization = {100\% Pure New Zealand},
	urldate      = {2023-03-13},
	url			 = {https://www.newzealand.com/int/feature/discover-winter-in-new-zealand/}
}

@misc{metservice,
	title		 = {{About MetService}},
	organization = {MetService},
	urldate		 = {2023-03-13},
	url			 = {https://about.metservice.com/our-company/about-us/}
}

@misc{oocldalian,
	title		 = {{OOCL Dalian}},
	organization = {OOCL},
	urldate		 = {2023-03-25},
	url			 = {https://www.oocl.com/eng/ourservices/vessels/pclass4500/Pages/oocldalian.aspx}
}
